@article{mobile_net_paper,
  author    = {Andrew G. Howard and
               Menglong Zhu and
               Bo Chen and
               Dmitry Kalenichenko and
               Weijun Wang and
               Tobias Weyand and
               Marco Andreetto and
               Hartwig Adam},
  title     = {MobileNets: Efficient Convolutional Neural Networks for Mobile Vision
               Applications},
  journal   = {CoRR},
  volume    = {abs/1704.04861},
  year      = {2017},
  url       = {http://arxiv.org/abs/1704.04861},
  archivePrefix = {arXiv},
  eprint    = {1704.04861},
  timestamp = {Mon, 13 Aug 2018 16:46:35 +0200},
  biburl    = {https://dblp.org/rec/journals/corr/HowardZCKWWAA17.bib},
  bibsource = {dblp computer science bibliography, https://dblp.org}
}

@article{mobile_net_v2_paper,
    author    = {Mark Sandler and
                 Andrew G. Howard and
                 Menglong Zhu and
                 Andrey Zhmoginov and
                 Liang{-}Chieh Chen},
    title     = {Inverted Residuals and Linear Bottlenecks: Mobile Networks for Classification,
                 Detection and Segmentation},
    journal   = {CoRR},
    volume    = {abs/1801.04381},
    year      = {2018},
    url       = {http://arxiv.org/abs/1801.04381},
    archivePrefix = {arXiv},
    eprint    = {1801.04381},
    timestamp = {Mon, 13 Aug 2018 16:48:30 +0200},
}

@article{mobile_net_v3_paper,
  author        = {Andrew Howard and
                   Mark Sandler and
                   Grace Chu and
                   Liang{-}Chieh Chen and
                   Bo Chen and
                   Mingxing Tan and
                   Weijun Wang and
                   Yukun Zhu and
                   Ruoming Pang and
                   Vijay Vasudevan and
                   Quoc V. Le and
                   Hartwig Adam},
  title         = {Searching for MobileNetV3},
  journal       = {CoRR},
  volume        = {abs/1905.02244},
  year          = {2019},
  url           = {http://arxiv.org/abs/1905.02244},
  archivePrefix = {arXiv},
  eprint        = {1905.02244},
}

@article{inverted_residual_bottleneck_blocks,
  author    = {Kaiming He and
               Xiangyu Zhang and
               Shaoqing Ren and
               Jian Sun},
  title     = {Deep Residual Learning for Image Recognition},
  journal   = {CoRR},
  volume    = {abs/1512.03385},
  year      = {2015},
  url       = {http://arxiv.org/abs/1512.03385},
  archivePrefix = {arXiv},
  eprint    = {1512.03385},
  timestamp = {Wed, 17 Apr 2019 17:23:45 +0200},
  biburl    = {https://dblp.org/rec/journals/corr/HeZRS15.bib},
  bibsource = {dblp computer science bibliography, https://dblp.org}
}


@online{depthWiseConvolutionImages,
    title   = {Depth-wise Convolution and Depth-wise Separable Convolution},
    url     = {https://medium.com/@zurister/depth-wise-convolution-and-depth-wise-separable-convolution-37346565d4ec},
    journal = {Medium},
    author  = {Pandey, Atul},
    year    = {2018},
    month   = {Sep}
}

@article{batch_norm_paper,
    author    = {Sergey Ioffe and
                 Christian Szegedy},
    title     = {Batch Normalization: Accelerating Deep Network Training by Reducing
                 Internal Covariate Shift},
    journal   = {CoRR},
    volume    = {abs/1502.03167},
    year      = {2015},
    url       = {http://arxiv.org/abs/1502.03167},
    archivePrefix = {arXiv},
    eprint    = {1502.03167},
    timestamp = {Mon, 13 Aug 2018 16:47:06 +0200},
    biburl    = {https://dblp.org/rec/journals/corr/IoffeS15.bib},
    bibsource = {dblp computer science bibliography, https://dblp.org}
}


@misc{image_classification_cat_example,
  author  = {Lali Masriera},
  journal = {Open Images Dataset V6},
  title   = {Nana Grizol From Here},
  url     = {https://farm2.staticflickr.com/4137/4811125985_c28c34a6b5_o.jpg},
}


@misc{bounding_box_classification_car_example,
  author  = {Charles},
  journal = {Open Images Dataset V6},
  title   = {Ford Escort Mk3},
  url     = {https://storage.googleapis.com/openimages/web/visualizer/index.html?set=train&type=detection&c=%2Fm%2F0k4j&id=c2bd86d20d45b461},
}


@article{imagenet2012,
    Author  = {Olga Russakovsky and
               Jia Deng and Hao Su and
               Jonathan Krause and
               Sanjeev Satheesh and
               Sean Ma and
               Zhiheng Huang and
               Andrej Karpathy and
               Aditya Khosla and
               Michael Bernstein and
               Alexander C. Berg and
               Li Fei-Fei},
    Title   = {{ImageNet Large Scale Visual Recognition Challenge}},
    Year    = {2015},
    journal = {International Journal of Computer Vision (IJCV)},
    doi     = {10.1007/s11263-015-0816-y},
    volume  = {115},
    number  = {3},
    pages   = {211-252}
}

@misc{fashion_mnist,
  author = {Kashif Rasul and Han Xiao},
  title  = {Fashion-MNIST},
  url    = {https://research.zalando.com/welcome/mission/research-projects/fashion-mnist/},
}

@article{mnist_dataset,
  added-at = {2010-06-28T21:16:30.000+0200},
  author = {LeCun, Yann and Cortes, Corinna},
  biburl = {https://www.bibsonomy.org/bibtex/2935bad99fa1f65e03c25b315aa3c1032/mhwombat},
  groups = {public},
  howpublished = {http://yann.lecun.com/exdb/mnist/},
  timestamp = {2016-07-12T19:25:30.000+0200},
  title = {{MNIST} handwritten digit database},
  url = {http://yann.lecun.com/exdb/mnist/},
  year = 2010,
}


@inproceedings{stree_view_house_numbers_dataset,
  author    = {Yuval Netzer and Tao Wang and Adam Coates and Alessandro Bissacco and Bo Wu and Andrew Y. Ng},
  booktitle = {NIPS Workshop on Deep Learning and Unsupervised Feature Learning 2011},
  title     = {Reading Digits in Natural Images with Unsupervised Feature Learning},
  URL       = {http://ufldl.stanford.edu/housenumbers/nips2011_housenumbers.pdf},
  year      = {2011},
}


@article{nasnet_paper,
  author    = {Barret Zoph and
               Vijay Vasudevan and
               Jonathon Shlens and
               Quoc V. Le},
  title     = {Learning Transferable Architectures for Scalable Image Recognition},
  journal   = {CoRR},
  volume    = {abs/1707.07012},
  year      = {2017},
  url       = {http://arxiv.org/abs/1707.07012},
  archivePrefix = {arXiv},
  eprint    = {1707.07012},
  timestamp = {Mon, 13 Aug 2018 16:48:00 +0200},
  biburl    = {https://dblp.org/rec/journals/corr/ZophVSL17.bib},
  bibsource = {dblp computer science bibliography, https://dblp.org}
}

@article{inception_v1_paper,
  author    = {Christian Szegedy and
               Wei Liu and
               Yangqing Jia and
               Pierre Sermanet and
               Scott E. Reed and
               Dragomir Anguelov and
               Dumitru Erhan and
               Vincent Vanhoucke and
               Andrew Rabinovich},
  title     = {Going Deeper with Convolutions},
  journal   = {CoRR},
  volume    = {abs/1409.4842},
  year      = {2014},
  url       = {http://arxiv.org/abs/1409.4842},
  archivePrefix = {arXiv},
  eprint    = {1409.4842},
  timestamp = {Mon, 13 Aug 2018 16:48:52 +0200},
  biburl    = {https://dblp.org/rec/journals/corr/SzegedyLJSRAEVR14.bib},
  bibsource = {dblp computer science bibliography, https://dblp.org}
}

@article{inception_v2_paper,
  author    = {Christian Szegedy and
               Vincent Vanhoucke and
               Sergey Ioffe and
               Jonathon Shlens and
               Zbigniew Wojna},
  title     = {Rethinking the Inception Architecture for Computer Vision},
  journal   = {CoRR},
  volume    = {abs/1512.00567},
  year      = {2015},
  url       = {http://arxiv.org/abs/1512.00567},
  archivePrefix = {arXiv},
  eprint    = {1512.00567},
  timestamp = {Mon, 13 Aug 2018 16:49:07 +0200},
  biburl    = {https://dblp.org/rec/journals/corr/SzegedyVISW15.bib},
  bibsource = {dblp computer science bibliography, https://dblp.org}
}
